<?xml version="1.0" encoding="UTF-8"?><collection><record><leader>07380ntm a2200553 a 4500</leader><controlfield tag="001">006305621</controlfield><controlfield tag="003">MiAaHDL</controlfield><controlfield tag="005">20190719000000.0</controlfield><controlfield tag="006">m        d        </controlfield><controlfield tag="007">cr bn ---auaua</controlfield><controlfield tag="008">090417s16uu    xx            00| ||ara d</controlfield><datafield tag="035" ind1=" " ind2=" "><subfield code="a">(MiU)006305621</subfield></datafield><datafield tag="035" ind1=" " ind2=" "><subfield code="a">sdr-miu006305621</subfield></datafield><datafield tag="040" ind1=" " ind2=" "><subfield code="a">MiU</subfield><subfield code="c">MiU</subfield><subfield code="e">amremm</subfield></datafield><datafield tag="043" ind1=" " ind2=" "><subfield code="a">n-us-mi</subfield></datafield><datafield tag="100" ind1="1" ind2=" "><subfield code="6">880-01</subfield><subfield code="a">Ibn Nujaym, Zayn al-Dīn ibn Ibrāhīm,</subfield><subfield code="d">-1563.</subfield></datafield><datafield tag="240" ind1="1" ind2="0"><subfield code="6">880-02</subfield><subfield code="a">Ashbāh wa-al-naẓāʼir</subfield></datafield><datafield tag="245" ind1="1" ind2="0"><subfield code="6">880-03</subfield><subfield code="a">Kitāb al-Ashbāh wa-al-naẓāʼir,</subfield><subfield code="f">[17th century?].</subfield></datafield><datafield tag="246" ind1="3" ind2=" "><subfield code="i">Edge title (tail):</subfield><subfield code="a">كتاب الاشباه والنظائر</subfield></datafield><datafield tag="260" ind1=" " ind2=" "><subfield code="c">[16--?]</subfield></datafield><datafield tag="300" ind1=" " ind2=" "><subfield code="a">198 leaves :</subfield><subfield code="b">paper ;</subfield><subfield code="c">205 x 145 (135 x 74) mm. bound to 205 x 149 mm.</subfield></datafield><datafield tag="500" ind1=" " ind2=" "><subfield code="a">Shelfmark: Ann Arbor, University of Michigan, Special Collections Library, Isl. Ms. 84</subfield></datafield><datafield tag="500" ind1=" " ind2=" "><subfield code="a">Origin: As appears in marginal correction at close on p.393, composition completed 27 Jumādá II 969 [ca. 4 March 1562]. Details of transcription not provided. Paper, hand, decoration, etc. would suggest 17th or possibly late 16th century.</subfield></datafield><datafield tag="500" ind1=" " ind2=" "><subfield code="a">Former shelfmark: British Museum, London "No. 30. Al-Ashbah wa 'l-nazair."</subfield></datafield><datafield tag="500" ind1=" " ind2=" "><subfield code="a">Binding: Pasteboards covered in dark red leather; once Type II binding (with flap, impression and soiling on front flyleaf) though only upper cover and spine (repaired with subtle dark red patches at head and tail) remain; doublures in dark, red-brown leather, doublure hinges in dark brown leather; upper cover carries large blind-stamped mandorla (NSd 7 Déroche class.) with pendants to which gold paint was later applied and tooled border; sewn in rose colored thread, two stations; worked chevron endbands in spring / mint green and pink, fairly good condition; overall in somewhat poor condition with lower cover and flap lost, tears and staining to back flyleaf, lifting and losses of spine leather; subtle repairs to board edges and spine in dark red leathers; housed in box for protection.</subfield></datafield><datafield tag="500" ind1=" " ind2=" "><subfield code="a">Support: non-European (likely Persian) laid paper with fairly distinct laid lines (some sagging) spaced roughly 6-7 laid lines per cm. and irregular chain lines sporadically visible, some inclusions, fairly crisp and transluscent though sturdy, well-burnished ; added front flyleaves of European paper with watermark "IL GRAN MASSO."</subfield></datafield><datafield tag="500" ind1=" " ind2=" "><subfield code="a">Decoration: Beautifully illuminated titlepiece on 'title page' (p.1) executed in gold, blue, white, greed, red, pink, etc. with cartouche carrying title and medallion (shamsah) carrying an authorship statement; gold rule borders; red dots serving as textual dividers; headings and keywords rubricated.</subfield></datafield><datafield tag="500" ind1=" " ind2=" "><subfield code="a">Script: Naskh; small, neat Egyptian or Turkish hand in a medium to bold line; serifless with slight effect of inclination to the left, pointing mainly in distinct dots, though strokes also used for three dots, kāf mashqūqah preferred, point of final and free-standing nūn either nearly assimilated with stroke of narrow bowl or set down within wide bowl; mainly vocalized; passage following text and genealogical diagram in a different hand.</subfield></datafield><datafield tag="500" ind1=" " ind2=" "><subfield code="a">Layout: Written in 23 lines per page; impression of ruling board evident.</subfield></datafield><datafield tag="500" ind1=" " ind2=" "><subfield code="a">Collation: iii, IV+1 (9), 18 V (189), IV+1 (198), i ; chiefly quinions; foliation in black ink, Hindu-Arabic numerals skipping initial leaf; catchwords present; pagination added later in pencil, Western numerals.</subfield></datafield><datafield tag="500" ind1=" " ind2=" "><subfield code="a">Colophon: "Authorial," rectangular, reads: "قال المؤلف رحمه الله وهذا اخر ما اوردناه من كتاب الاشباه والنظائر في الفقه على مذهب الامام الاعظم ابي حنيفة النعمان رضي الله عنه وارضا الجامع للفنون السبعة التي وعدنا في خطبة الفريد في نوعه بحيث لم اطلع له على نظير في كتب اصحابنا رحمه الله وكان مدة تأليفه ستة اشهر وصلى الله على سيدنا محمد وعلى اله وصحبه وسلم تسليما كثيرا" a marginal correction in a different hand adds: "و كان الفراغ من تأليفه في السابع والعشرين من جمادى الاخرة لسنة تسع وستين وتسعمائة صح"</subfield></datafield><datafield tag="500" ind1=" " ind2=" "><subfield code="a">Explicit: "على رأس شجرتين فتقطع نصفين رحمة الله عليهم اجمعين"</subfield></datafield><datafield tag="500" ind1=" " ind2=" "><subfield code="a">Incipit: "الحمد لله على ما انعم وصلى الله على سيدنا محمد واله وصحبه وسلم وبعد فان الفقه أشرف العلوم قدرا واعظمها اجرا"</subfield></datafield><datafield tag="500" ind1=" " ind2=" "><subfield code="a">Title from cartouche on fol.1a.</subfield></datafield><datafield tag="500" ind1=" " ind2=" "><subfield code="a">Ms. codex.</subfield></datafield><datafield tag="510" ind1="4" ind2=" "><subfield code="a">Schacht, J. "Ibn Nuḏj̲aym." In EI2</subfield></datafield><datafield tag="510" ind1="4" ind2=" "><subfield code="a">Brockelmann, C. GAL,</subfield><subfield code="c">II, 310 (4/1)</subfield></datafield><datafield tag="520" ind1="8" ind2=" "><subfield code="a">Fine copy of Ibn Nujaym's treatise on Ḥanafī law with many marginal notes. At the close of the codex in a different hand appears an anecdote in Persian regarding the long-lived al-Shaykh Rukn al-Dīn al-Muʻammar al-Ṣaḥābī and genealogical diagram reaching through him back to the Prophet.</subfield></datafield><datafield tag="538" ind1=" " ind2=" "><subfield code="a">Mode of access: Internet.</subfield></datafield><datafield tag="541" ind1=" " ind2=" "><subfield code="c">Purchase ;</subfield><subfield code="a">Acquired by purchase along with Abdul Hamid Collection (funds donated by Horace Rackham).</subfield><subfield code="d">1924.</subfield></datafield><datafield tag="546" ind1=" " ind2=" "><subfield code="a">Arabic.</subfield></datafield><datafield tag="561" ind1=" " ind2=" "><subfield code="a">Bookplate of British Museum, London on inner front cover, "No. 30. Al-Ashbah wa 'l-nazair."; circular seal impression with figure of goat/gazelle in purple ink as well as purple penciled inscription "255" in Western numerals on recto of front flyleaf; former collection / inventory marks on front flyleaf including "اشباه كتب فقهيه ط ١" ; several excerpts and ownership statements on 'title page' (p.1) in Turkish hands including statement in name of the muftī / müftü al-Sayyid Muṣṭafá al-Ḥusaynī ibn al-Sayyid Faḍl Allāh (Mustafa el-Hüseyinî b. Fazlullah) "من كتب الفقير السيد مصطفى الحسيني ابن السيد فضل الله المفتى فى السلطنة العلية العثمانية عفى عنهما", statement in name of al-Sayyid Aḥmad ʻĀṣim (Ahmet Asım) "من كتب العبد ... السيد احمد عاصم غفر له", and statement in name of the mudarris / müderris Muḥammad Saʻīd (Mehmet Sait) "صاحب محمد سعيد المدرس ..." ; circular waqf seal impression seemingly dated 1289 [1872 or 3] for the library (كتابخانه / kitābkhānah / kütüphane) of Mīr Ḥājjī ʻAlī Rāshid Arzanjānī (Mir Hacı Ali Raşit Erzincani) appears below silsile diagram / genealogical tree on final leaf (p.395) reads "وقفت هذا الكتاب كتبخانه مير حاجى على راشد ارزنجانى" ; occasional marks of collation in margin reading "بلغ" in red ink (e.g., see fol. 28a / p.55) ; numerous marginal glosses and notabilia (side-heads) in a few hands, mainly a Turkish talik.</subfield></datafield><datafield tag="650" ind1=" " ind2="0"><subfield code="a">Manuscripts, Arabic</subfield><subfield code="z">Michigan</subfield><subfield code="z">Ann Arbor.</subfield></datafield><datafield tag="650" ind1=" " ind2="0"><subfield code="a">Hanifites</subfield><subfield code="v">Early works to 1800.</subfield></datafield><datafield tag="650" ind1=" " ind2="0"><subfield code="a">Islamic law</subfield><subfield code="v">Early works to 1800.</subfield></datafield><datafield tag="773" ind1="0" ind2=" "><subfield code="a">Tiflis Collection</subfield></datafield><datafield tag="880" ind1="1" ind2="0"><subfield code="6">245-03/</subfield><subfield code="a">كتاب الاشباه والنظائر,</subfield><subfield code="f">[القرن 17م؟].</subfield></datafield><datafield tag="880" ind1="1" ind2="0"><subfield code="6">240-02/</subfield><subfield code="a">اشباه والنظائر</subfield></datafield><datafield tag="880" ind1="1" ind2=" "><subfield code="6">100-01/</subfield><subfield code="a">ابن نجيم, زين الدين بن ابراهيم,</subfield><subfield code="d">ت. 1563.</subfield></datafield><datafield tag="CID" ind1=" " ind2=" "><subfield code="a">006305621</subfield></datafield><datafield tag="DAT" ind1="0" ind2=" "><subfield code="a">20190719102634.0</subfield><subfield code="b">20190719000000.0</subfield></datafield><datafield tag="DAT" ind1="1" ind2=" "><subfield code="a">20190719090653.0</subfield><subfield code="b">2019-07-19T16:11:15Z</subfield></datafield><datafield tag="DAT" ind1="2" ind2=" "><subfield code="a">2015-10-10T18:00:06Z</subfield></datafield><datafield tag="CAT" ind1=" " ind2=" "><subfield code="a">SDR-MIU</subfield><subfield code="d">EX LIBRIS - ALEPH</subfield><subfield code="l">prepare.pl-004-008</subfield></datafield><datafield tag="FMT" ind1=" " ind2=" "><subfield code="a">BK</subfield></datafield><datafield tag="HOL" ind1=" " ind2=" "><subfield code="0">sdr-miu006305621</subfield><subfield code="a">MiU</subfield><subfield code="b">SDR</subfield><subfield code="c">MIU</subfield><subfield code="p">mdp.39015079124858</subfield><subfield code="s">MIU</subfield><subfield code="1">006305621</subfield></datafield><datafield tag="974" ind1=" " ind2=" "><subfield code="b">MIU</subfield><subfield code="c">MIU</subfield><subfield code="d">20190719</subfield><subfield code="s">lit-dlps-dc</subfield><subfield code="u">mdp.39015079124858</subfield><subfield code="y">1699</subfield><subfield code="r">pd</subfield><subfield code="q">bib</subfield><subfield code="t">non-US bib date1 &lt; 1879</subfield></datafield></record></collection>